<?xml version="1.0" encoding="UTF-8"?><record xmlns="http://www.loc.gov/MARC21/slim" xmlns:cinclude="http://apache.org/cocoon/include/1.0" xmlns:zs="http://www.loc.gov/zing/srw/">
  <leader>00830cz  a2200193n  4500</leader>
  <controlfield tag="001">n  83311251 </controlfield>
  <controlfield tag="003">DLC</controlfield>
  <controlfield tag="005">20081207075653.0</controlfield>
  <controlfield tag="008">840315n| acannaabn          |a aaa      </controlfield>
  <datafield tag="010" ind1=" " ind2=" ">
    <subfield code="a">n  83311251 </subfield>
  </datafield>
  <datafield tag="035" ind1=" " ind2=" ">
    <subfield code="a">(OCoLC)oca01087282</subfield>
  </datafield>
  <datafield tag="040" ind1=" " ind2=" ">
    <subfield code="a">DLC</subfield>
    <subfield code="b">eng</subfield>
    <subfield code="c">DLC</subfield>
    <subfield code="d">OCoLC</subfield>
  </datafield>
  <datafield tag="100" ind1="1" ind2=" ">
    <subfield code="a">Śaṅkarannampūtirippāṭȧ, Maṅgalappiḷḷi</subfield>
  </datafield>
  <datafield tag="400" ind1="0" ind2=" ">
    <subfield code="a">Maṅgalappiḷḷi Śaṅkarannampūtirippāṭȧ</subfield>
  </datafield>
  <datafield tag="400" ind1="1" ind2=" ">
    <subfield code="a">Śaṅkarannampūtirippāṭȧ, Eṃ. Vi.</subfield>
  </datafield>
  <datafield tag="400" ind1="0" ind2=" ">
    <subfield code="a">Mangalapilly Sankaran Nambudiripad</subfield>
  </datafield>
  <datafield tag="400" ind1="1" ind2=" ">
    <subfield code="a">Sankaran Nambudiripad, Mangalapilly</subfield>
  </datafield>
  <datafield tag="400" ind1="1" ind2=" ">
    <subfield code="a">Nambudiripad, Mangalapilly Sankaran</subfield>
  </datafield>
  <datafield tag="670" ind1=" " ind2=" ">
    <subfield code="a">His Tantr̲adarppaṇaṃ, 1972- :</subfield>
    <subfield code="b">v. 1, t.p. (Maṅgalappiḷḷi Śaṅkarannampūtirippāṭȧ) verso t.p., etc. (Mangalapilly Sankaran Nambudiripad; Eṃ. Vi. Śaṅkarannampūtirippāṭȧ)</subfield>
  </datafield>
</record>